@inproceedings{taming,
  title={Taming VAEs},
  author={Danilo, Rezende and Fabio, Viola},
  booktitle={arXiv:1810.00597v1},
  year={2018}
}

@inproceedings{iwae1,
  title={Importance Weighted Autoencoders},
  author={Yuri, Burda and Roger, Grosse and Ruslan, Salakhutdinov},
  booktitle={arXiv:1509.00519v4},
  year={2016},
}

@article{iwae2,
  title={Reinterpreting Importance-Weighted Autoencoders},
  author={Chris, Cremer and Quaid, Morris and David, Duvenaud},
  journal={ICLR 2017},
  year={2017}
}

@article{betavae,
  title={$\beta$-VAE: Learning Basic Visual Concepts With a Constrained Variational Framework},
  author={Irina, Higgins and Loic, Matthey and Arka, Pal and Christopher, Burgess and Xavier, Glorot and Matthew, Botvinick and Shakir, Mohamed and Alexander, Lerchner},
  journal={ICLR 2017},
  year={2017}
}

@article{vae,
  title={Auto-Encoding Variational Bayes},
  author={Diederik, Kingma and Max, Welling},
  journal={arXiv:1312.6114},
  year={2013}
}